<record><leader>00000cas a22000007a 4500</leader><controlfield tag="001">29689724</controlfield><controlfield tag="008">940126d190u191uokuwr ne      0    0eng d</controlfield><datafield ind1=" " ind2=" " tag="010"><subfield code="a">sn 94058711 </subfield></datafield><datafield ind1=" " ind2=" " tag="040"><subfield code="a">OBN</subfield><subfield code="b">eng</subfield><subfield code="c">OBN</subfield><subfield code="d">OCLCQ</subfield><subfield code="d">OCLCO</subfield></datafield><datafield ind1="1" ind2=" " tag="029"><subfield code="a">AU@</subfield><subfield code="b">000025848404</subfield></datafield><datafield ind1=" " ind2=" " tag="042"><subfield code="a">msc</subfield></datafield><datafield ind1=" " ind2=" " tag="043"><subfield code="a">n-us-ok</subfield></datafield><datafield ind1="0" ind2=" " tag="130"><subfield code="a">Adair County democrat (Westville, Okla.)</subfield></datafield><datafield ind1="1" ind2="0" tag="245"><subfield code="a">Adair County democrat.</subfield></datafield><datafield ind1=" " ind2=" " tag="260"><subfield code="a">Westville, Indian Territory [Okla.] :</subfield><subfield code="b">G.A. Tweedie &amp; Co.</subfield></datafield><datafield ind1=" " ind2=" " tag="300"><subfield code="a">v.</subfield></datafield><datafield ind1=" " ind2=" " tag="588"><subfield code="a">Description based on: Vol. 6, no. 51 (May 10, 1907)-</subfield></datafield><datafield ind1=" " ind2="0" tag="651"><subfield code="a">Westville (Okla.)</subfield><subfield code="v">Newspapers.</subfield></datafield><datafield ind1=" " ind2="0" tag="651"><subfield code="a">Adair County (Okla.)</subfield><subfield code="v">Newspapers.</subfield></datafield><datafield ind1=" " ind2="0" tag="651"><subfield code="a">Indian Territory</subfield><subfield code="v">Newspapers.</subfield></datafield><datafield ind1=" " ind2=" " tag="752"><subfield code="a">United States</subfield><subfield code="b">Oklahoma</subfield><subfield code="c">Adair</subfield><subfield code="d">Westville.</subfield></datafield><datafield ind1="0" ind2="0" tag="780"><subfield code="t">Westville American</subfield><subfield code="w">(DLC)sn 94058710</subfield><subfield code="w">(OCoLC)29689631</subfield></datafield></record>